@article{DBLP:journals/corr/SimonyanZ14a,
  author    = {Karen Simonyan and
               Andrew Zisserman},
  title     = {Very Deep Convolutional Networks for Large-Scale Image Recognition},
  journal   = {CoRR},
  volume    = {abs/1409.1556},
  year      = {2014},
  url       = {http://arxiv.org/abs/1409.1556},
  archivePrefix = {arXiv},
  eprint    = {1409.1556},
  timestamp = {Wed, 07 Jun 2017 14:41:51 +0200},
  biburl    = {http://dblp.org/rec/bib/journals/corr/SimonyanZ14a},
  bibsource = {dblp computer science bibliography, http://dblp.org}
}